@ARTICLE{epsilon_star,  author={Song, Junnan and Gupta, Shalabh},  journal={IEEE Transactions on Robotics},   title={$\varepsilon ^{\star }$: An Online Coverage Path Planning Algorithm},   year={2018},  volume={34},  number={2},  pages={526-533},  doi={10.1109/TRO.2017.2780259}}